% Encoding: UTF-8
@comment{x-kbibtex-encoding=utf-8}

@book{Sprav_izdat,
	author = {Чельцова Л. К. {Мильчин А. Э.}},
	comment = {Read},
	edition = {5-е издание},
	editor = {Андреева К.},
	location = {Россия, Москва},
	origlanguage = {Russian},
	pagetotal = {1966},
	publisher = {Издательство Студии Артемия Лебедева},
	title = {Справочник издателя и автора},
	titleaddon = {Редакционно-издательское оформление издания},
	url = {http://flibusta.site/b/527337},
	urldate = {2020-02-10},
	year = {2018}
}

@www{Rus_lang_rules,
	author = {{Н. С. Валгина}, Н. А. Еськова, О. Е. Иванова, С. М. Кузьмина, В. В. Лопатин, Л. К. Чельцова},
	comment = {Idle},
	editor = {В. В. Лопатин},
	language = {Russian},
	organization = {Российская академия наук. Отделение историко-филологических наук Институт русского языка им. В.В. Виноградова.},
	subtitle = {Полный академичский справочник},
	title = {Правила русской орфографии и пунктуации. Электронное издание.},
	url = {http://orthographia.ru/},
	urldate = {2020-02-17},
	year = {2009}
}

@book{LaTeX_Lyvovskiy,
	author = {С. М. Львовский},
	comment = {Read},
	keywords = {Tex, LaTeX},
	language = {Russian},
	origlanguage = {Russian},
	pagetotal = {448},
	title = {Набор и вёрстка в системе LaTeX},
	titleaddon = {3-е издание, исправленное и дополненное},
	url = {https://www.mccme.ru/free-books/},
	year = {2003}
}

@book{The_TeXBook,
	author = {Д. Э. Кнут},
	comment = {To Read},
	editor = {Ю. В. Козаченко},
	isbn = {5-8459-0382-3},
	keywords = {TeX},
	pagetotal = {543},
	publisher = {Вильямс},
	title = {Всё про ТеХ},
	url = {https://fr.b-ok2.org/book/1315925/ca6dd0},
	urldate = {2020-02-18},
	year = {2003}
}

@book{Vvedenie_v_LaTeX_2003,
	author = {{Tobias Oetiker}, Hubert Partl, Irene Hyna è Elisabeth Schlegl},
	comment = {Read},
	keywords = {TeX, LaTeX},
	language = {Russian},
	origlanguage = {English},
	pages = {153},
	pagetotal = {153},
	title = {Не очень краткое введение в LATEX2ε},
	titleaddon = {Перевод Б. Доботрас},
	translator = {Б. Доботрас},
	url = {http://xtalk.msk.su/tex/},
	year = {2003}
}

@book{LaTeX_i_komandy,
	author = {М. В. Лисина {С. В. Клименко}},
	keywords = {TeX, LaTeX},
	language = {Russian},
	origlanguage = {Russian},
	pagetotal = {149},
	publisher = {Институт физики высоких энергий},
	title = {LaTeX и его команды},
	url = {https://web.tresorit.com/l#wnPs_vooudfNGWIdm3bdCQ},
	year = {1996}
}

@book{LaTeX_po_russki,
	author = {П. З. Чеботаев {И. А. Котельников}},
	comment = {Read},
	isbn = {5875501952},
	mainsubtitle = {3-е издание, перераб. и доп.},
	pages = {493},
	publisher = {Sibirskiy Khronograf},
	title = {LaTeX по-русски},
	url = {https://www.amazon.com/John-Lasco-Earlier-Life-Labou/dp/5875501952?SubscriptionId=AKIAIOBINVZYXZQZ2U3A&tag=chimbori05-20&linkCode=xm2&camp=2025&creative=165953&creativeASIN=5875501952},
	year = {2004}
}

@book{LaTeX_in_Examples,
	author = {К. В. Воронцов},
	comment = {Read},
	keywords = {LaTeX, TeX, LaTeX2e},
	origlanguage = {Russian},
	pagetotal = {59},
	title = {LaTeX2e в примерх},
	url = {https://web.tresorit.com/l#64-_yznLOVQMcUPX48BvDQ},
	year = {2005}
}

@book{Comp_typog_LaTeX,
	abstract = {Read},
	author = {Е. М. Балдин},
	edition = {Компьютерные TeXнологии},
	keywords = {TeX, LaTeX, LaTeX2e},
	language = {Russian},
	location = {Novosibirsk},
	origlanguage = {Russian},
	pagetotal = {308},
	title = {Компьютерная типография LaTeX},
	url = {https://web.tresorit.com/l#yxGSueq69oTA3EPI0U8YrA},
	year = {2008, 2012, 2013}
}

@article{Siutkin:Color-in-LaTeX,
	author = {В. Сюткин},
	comment = {To read},
	keywords = {Tex, LaTeX},
	language = {Russian},
	origlanguage = {Russian},
	pages = {8},
	title = {Цвет в LaTeX2e},
	year = {2001}
}

@www{TeX:site,
	author = {CTAN team},
	keywords = {TeX},
	language = {English},
	organization = {CTAN Team},
	title = {TeX official site},
	url = {https://www.ctan.org/},
	urldate = {2020-11-15}
}

@www{LaTeX:site,
	author = {LaTeX team},
	language = {English},
	title = {LaTeX official site},
	url = {https://www.latex-project.org/},
	urldate = {2020-11-15}
}

@www{TeXLive:site,
	title = {TeXLive official site},
	url = {https://www.tug.org/texlive/},
	urldate = {2020-11-15}
}

@www{TeXstudio:site,
	author = {Benito van der Zander},
	title = {TeXstusio official site},
	url = {https://www.texstudio.org/},
	urldate = {2020-11-15}
}

@www{Lyx:site,
	title = {LyX official site},
	url = {https://www.lyx.org/},
	urldate = {2021-01-28}
}

@www{CM_font,
	author = {Wikipedia},
	title = {Computer Modern font},
	url = {https://ru.wikipedia.org/wiki/Computer_Modern},
	urldate = {2021-01-28}
}

@www{CR_font,
	author = {Wikipedia},
	title = {Concrete font},
	url = {https://ru.wikipedia.org/wiki/Concrete_Roman},
	urldate = {2021-01-28}
}

@www{Solarized_dark_theme,
	title = {Solarized Dark theme},
	url = {https://lonewolfonline.net/uploads/downloads/Solarized-Dark.xml},
	urldate = {2021-01-28}
}

@www{KOMA-Script,
	author = {Markus Kohm},
	title = {koma-script – A bundle of versatile classes and packages},
	url = {https://ctan.org/pkg/koma-script},
	urldate = {2021-01-28},
	year = {1994–2020}
}

%jabref-meta: databaseType:biblatex;

%databaseType:biblatex;}
%eType:biblatex;}
%x;}

@www{Cobalt_colour_scheme,
	title = {Cobalt colour scheme},
	url = {https://github.com/gkjgh/cobalt/blob/master/colors/cobalt.vim},
	urldate = {2021-01-28}
}

@Manual{Latex:package:progress,
  author    = {Kasper B. Graversen},
  date      = {2003-06-29},
  title     = {Progress. LaTeX package},
  url       = {https://ctan.asis.ai/macros/latex/contrib/progress/progress.pdf},
  timestamp = {2021-08-01},
}

@Comment{jabref-meta: databaseType:biblatex;}
