% Encoding: UTF-8
@comment{x-kbibtex-encoding=utf-8}

@misc{FZ-149,
	author = {Российская Федерация},
	date = {2006-07-14},
	language = {Russian},
	location = {Russia, Moscow},
	owner = {Russian Federation},
	title = {Федеральный Закон <<Об~информации, информационных технологиях и~о~защите информации>>},
	titleaddon = {149-ФЗ},
	url = {https://normativ.kontur.ru/document?moduleId=1&documentId=376603&cwi=22898},
	urldate = {2020-07-07}
}

@misc{MSFO-13,
	author = {Министерство финансов России},
	date = {2015-12-28},
	keywords = {МСФО, IFRS},
	language = {Russian},
	location = {Russia, Moscow},
	organization = {Минфин России},
	timestamp = {2020-06-10},
	title = {Международный стандарт финансовой отчётности~(IFRS)~13 <<Оценка справедливой стоимости>>},
	titleaddon = {с~изменениями на~11 июля 2016~г.},
	url = {http://docs.cntd.ru/document/420334241},
	urldate = {2020-06-10}
}

@misc{MSFO-all,
	author = {Министерство Российской финансов Федерации},
	date = {2015-12-28},
	keywords = {MSFO},
	language = {Russian},
	location = {Russia, Moscow},
	organization = {Министерство финансов Российской Федерации},
	subtitle = {C~изменениями на~11~июля 2016~г.},
	timestamp = {2020-06-14},
	title = {О~введении Международных стандартов финансовой отчётности и~Разъяснений Международных стандартов финансовой отчётности в~действие на~территории Российской Федерации и~о~признании утратившими силу некоторых приказов (отдельных положений приказов) Министерства финансов Российской Федерации},
	titleaddon = {Приказ от~28 декабря 2015~г. №~217н},
	url = {http://docs.cntd.ru/document/420332842/},
	urldate = {2020-06-14},
	version = {2016-07-11},
	year = {2015}
}

@www{UDK:338.5,
	title = {UDK:338.5},
	url = {https://teacode.com/online/udc/33/338.5.html},
	urldate = {2021-01-27}
}

@www{BBK:65.25,
	title = {BBK:65.25},
	url = {https://www.triumph.ru/html/serv/bbk-tablicy-onlayn.html?category_id=20789&parent_id=20717},
	urldate = {2021-01-27}
}

@www{Avt_znak,
	title = {M91},
	url = {https://www.triumph.ru/html/serv/avtorskij-znak.html},
	urldate = {2021-01-27}
}

@www{Wiki:IASB-rus,
	author = {Wikipedia},
	title = {IASB-Rus},
	url = {https://ru.wikipedia.org/wiki/%D0%A1%D0%BE%D0%B2%D0%B5%D1%82_%D0%BF%D0%BE_%D0%9C%D0%B5%D0%B6%D0%B4%D1%83%D0%BD%D0%B0%D1%80%D0%BE%D0%B4%D0%BD%D1%8B%D0%BC_%D1%81%D1%82%D0%B0%D0%BD%D0%B4%D0%B0%D1%80%D1%82%D0%B0%D0%BC_%D1%84%D0%B8%D0%BD%D0%B0%D0%BD%D1%81%D0%BE%D0%B2%D0%BE%D0%B9_%D0%BE%D1%82%D1%87%D1%91%D1%82%D0%BD%D0%BE%D1%81%D1%82%D0%B8}
}

@misc{MSUGS,
	organization = {Министерство финансов Российской Федерации},
	title = {Международные стандарты учёта в~государственном секторе},
	url = {https://minfin.gov.ru/ru/perfomance/budget/bu_gs/sfo/}
}

@misc{STO-2015,
	author = {ОАО~<КТБ <ЖБ>>< \%s>},
	booktitle = {СТО 14258110-007-2015},
	isbn = {978-5-00086-357-2},
	location = {Moscow},
	organization = {ОАО~<<КТБ ЖБ>>},
	pages = {61},
	publisher = {Издательство Перо},
	title = {Правила обследования несущих строительных конструкций зданий и сооружений},
	url = {https://meganorm.ru/Data2/1/4293740/4293740894.pdf},
	year = {2014}
}

@www{Pravo_sobstv,
	title = {Право~собственности},
	url = {https://studme.org/52885/ekonomika/pravo_sobstvennosti_sisteme_imuschestvennyh_prav},
	urldate = {2021-06-04}
}

@www{Pravo_polyz,
	title = {Право~пользования},
	url = {https://ru.wikipedia.org/wiki/%D0%9F%D0%BE%D0%BB%D1%8C%D0%B7%D0%BE%D0%B2%D0%B0%D0%BD%D0%B8%D0%B5},
	urldate = {2021-06-04}
}

@www{Pravo_rasp,
	title = {Право~распоряжения},
	url = {https://ru.wikipedia.org/wiki/%D0%A0%D0%B0%D1%81%D0%BF%D0%BE%D1%80%D1%8F%D0%B6%D0%B5%D0%BD%D0%B8%D0%B5_%D0%B8%D0%BC%D1%83%D1%89%D0%B5%D1%81%D1%82%D0%B2%D0%BE%D0%BC},
	urldate = {2021-06-04}
}

@Misc{GOST:obsledovanie_zdanij,
  author   = {ГУП <<Московский научно-исследовательский и~проектный институт типологии, экспериментального проектирования>>},
  date     = {2014-01-01},
  title    = {Межгосударственный стандарт. Здания и~сооружения: правила обследования и~мониторинга технического состояния.},
  language = {Russian},
  location = {Moscow},
  subtitle = {Buildings and~constructions. Rules of~inspection and~monitoring of~the~technical condition},
  url      = {https://docs.cntd.ru/document/1200100941},
  urldate  = {2021-08-05},
}

@Comment{jabref-meta: databaseType:biblatex;}
